<record><leader>00000cas a2200000 a 4500</leader><controlfield tag="001">11428703</controlfield><controlfield tag="008">841128d18631868ksuwr ne      0    0eng c</controlfield><datafield ind1=" " ind2=" " tag="010"><subfield code="a">sn 84027693 </subfield></datafield><datafield ind1=" " ind2=" " tag="040"><subfield code="a">NPU</subfield><subfield code="b">eng</subfield><subfield code="c">NPU</subfield><subfield code="d">NPT</subfield><subfield code="d">NPX</subfield><subfield code="d">NVF</subfield><subfield code="d">OCL</subfield><subfield code="d">CUI</subfield><subfield code="d">OCLCQ</subfield><subfield code="d">OCLCF</subfield></datafield><datafield ind1="1" ind2=" " tag="029"><subfield code="a">AU@</subfield><subfield code="b">000020231987</subfield></datafield><datafield ind1=" " ind2=" " tag="042"><subfield code="a">pcc</subfield></datafield><datafield ind1=" " ind2=" " tag="043"><subfield code="a">n-us-ks</subfield></datafield><datafield ind1=" " ind2="4" tag="050"><subfield code="a">AN</subfield></datafield><datafield ind1="0" ind2="0" tag="245"><subfield code="a">Weekly Leavenworth times.</subfield></datafield><datafield ind1=" " ind2=" " tag="260"><subfield code="a">Leavenworth, Kan. :</subfield><subfield code="b">Times Print. Co.</subfield></datafield><datafield ind1=" " ind2=" " tag="300"><subfield code="a">v.</subfield></datafield><datafield ind1=" " ind2=" " tag="310"><subfield code="a">Weekly</subfield></datafield><datafield ind1="1" ind2=" " tag="362"><subfield code="a">Began in 1863?</subfield></datafield><datafield ind1="1" ind2=" " tag="362"><subfield code="a">Ceased in 1868.</subfield><subfield code="z">Cf. Gregory, W. Amer. newspapers.</subfield></datafield><datafield ind1=" " ind2=" " tag="580"><subfield code="a">Daily ed.: Daily times (Leavenworth, Kan.), 1863-&lt;1865&gt;, and: Leavenworth times (Leavenworth, Kan. : 1867), 1867, and: Daily Leavenworth times (Leavenworth (Kan.) : 1867), 1867-1868.</subfield></datafield><datafield ind1=" " ind2=" " tag="588"><subfield code="a">Description based on: Vol. 12, no. 49 (Dec. 11, 1867).</subfield></datafield><datafield ind1=" " ind2="0" tag="651"><subfield code="a">Leavenworth (Kan.)</subfield><subfield code="v">Newspapers.</subfield></datafield><datafield ind1=" " ind2="0" tag="651"><subfield code="a">Leavenworth County (Kan.)</subfield><subfield code="v">Newspapers.</subfield></datafield><datafield ind1=" " ind2="7" tag="655"><subfield code="a">Newspapers.</subfield><subfield code="2">fast</subfield><subfield code="0">(OCoLC)fst01423814</subfield></datafield><datafield ind1=" " ind2="7" tag="651"><subfield code="a">Kansas</subfield><subfield code="z">Leavenworth.</subfield><subfield code="2">fast</subfield><subfield code="0">(OCoLC)fst01224591</subfield></datafield><datafield ind1=" " ind2="7" tag="651"><subfield code="a">Kansas</subfield><subfield code="z">Leavenworth County.</subfield><subfield code="2">fast</subfield><subfield code="0">(OCoLC)fst01217671</subfield></datafield><datafield ind1=" " ind2=" " tag="752"><subfield code="a">United States</subfield><subfield code="b">Kansas</subfield><subfield code="c">Leavenworth</subfield><subfield code="d">Leavenworth.</subfield></datafield><datafield ind1="1" ind2=" " tag="775"><subfield code="t">Daily times (Leavenworth, Kan.)</subfield><subfield code="w">(DLC)sn 84027699</subfield><subfield code="w">(OCoLC)11434895</subfield></datafield><datafield ind1="1" ind2=" " tag="775"><subfield code="t">Leavenworth times (Leavenworth (Kan.) : 1867)</subfield><subfield code="w">(DLC)sn 88063000</subfield><subfield code="w">(OCoLC)17331191</subfield></datafield><datafield ind1="1" ind2=" " tag="775"><subfield code="t">Daily Leavenworth times (Leavenworth (Kan.) : 1867)</subfield><subfield code="w">(DLC)sn 96061894</subfield><subfield code="w">(OCoLC)35301686</subfield></datafield><datafield ind1="0" ind2="0" tag="780"><subfield code="t">Leavenworth weekly times (Leavenworth, Kan. : 1858)</subfield><subfield code="w">(DLC)sn 85029544</subfield><subfield code="w">(OCoLC)12102187</subfield></datafield><datafield ind1="0" ind2="7" tag="785"><subfield code="t">Leavenworth weekly conservative</subfield><subfield code="w">(DLC)sn 85029235</subfield><subfield code="w">(OCoLC)12102053</subfield></datafield><datafield ind1="0" ind2="7" tag="785"><subfield code="t">Times and conservative (Leavenworth, Kan. : Weekly)</subfield></datafield></record>